@article{ferriday1994,
   title = {Passive Microwave Remote Sensing of Rainfall with SSM/I: Algorithm Development and Implementation},
   author = {James Ferriday and Susan Avery},
   journal = {American Meteorological Society},
   volume = {33},
   number = {12},
   url = {https://doi.org/10.1175/1520-0450(1994)033<1587:PMRSOR>2.0.CO;2},
   year = {1994},
   type = {Journal Article}
},

@article{czekala2002,
   title = {On Precipitation induced polarization of microwave radiation measured from space},
   author = {Harald Czekala and Clemens Simmer},
   journal = {Radiometer Physics},
   volume = {11},
   year = {2002},
   type = {Journal Article}
},

@article{petty1994,
   title = {Physical Retrievals of Over-Ocean Rain Rate from Multichannel Microwave Imagery. Part I: Theoretical Characteristics of Normalized Polarization and Scattering Indices},
   author = {G.W. Petty},
   journal = {Meteorology and Atmospheric Physics},
   volume = {54},
   year = {1994},
   type = {Journal Article}
},